%YAML 1.1
%TAG !u! tag:unity3d.com,2011:
--- !u!29 &1
OcclusionCullingSettings:
  m_ObjectHideFlags: 0
  serializedVersion: 2
  m_OcclusionBakeSettings:
    smallestOccluder: 5
    smallestHole: 0.25
    backfaceThreshold: 100
  m_SceneGUID: 00000000000000000000000000000000
  m_OcclusionCullingData: {fileID: 0}
--- !u!104 &2
RenderSettings:
  m_ObjectHideFlags: 0
  serializedVersion: 9
  m_Fog: 0
  m_FogColor: {r: 0.5, g: 0.5, b: 0.5, a: 1}
  m_FogMode: 3
  m_FogDensity: 0.01
  m_LinearFogStart: 0
  m_LinearFogEnd: 300
  m_AmbientSkyColor: {r: 0.212, g: 0.227, b: 0.259, a: 1}
  m_AmbientEquatorColor: {r: 0.114, g: 0.125, b: 0.133, a: 1}
  m_AmbientGroundColor: {r: 0.047, g: 0.043, b: 0.035, a: 1}
  m_AmbientIntensity: 1
  m_AmbientMode: 3
  m_SubtractiveShadowColor: {r: 0.42, g: 0.478, b: 0.627, a: 1}
  m_SkyboxMaterial: {fileID: 0}
  m_HaloStrength: 0.5
  m_FlareStrength: 1
  m_FlareFadeSpeed: 3
  m_HaloTexture: {fileID: 0}
  m_SpotCookie: {fileID: 10001, guid: 0000000000000000e000000000000000, type: 0}
  m_DefaultReflectionMode: 0
  m_DefaultReflectionResolution: 128
  m_ReflectionBounces: 1
  m_ReflectionIntensity: 1
  m_CustomReflection: {fileID: 0}
  m_Sun: {fileID: 0}
  m_IndirectSpecularColor: {r: 0, g: 0, b: 0, a: 1}
  m_UseRadianceAmbientProbe: 0
--- !u!157 &3
LightmapSettings:
  m_ObjectHideFlags: 0
  serializedVersion: 11
  m_GIWorkflowMode: 1
  m_GISettings:
    serializedVersion: 2
    m_BounceScale: 1
    m_IndirectOutputScale: 1
    m_AlbedoBoost: 1
    m_EnvironmentLightingMode: 0
    m_EnableBakedLightmaps: 0
    m_EnableRealtimeLightmaps: 0
  m_LightmapEditorSettings:
    serializedVersion: 12
    m_Resolution: 2
    m_BakeResolution: 40
    m_AtlasSize: 1024
    m_AO: 0
    m_AOMaxDistance: 1
    m_CompAOExponent: 1
    m_CompAOExponentDirect: 0
    m_ExtractAmbientOcclusion: 0
    m_Padding: 2
    m_LightmapParameters: {fileID: 0}
    m_LightmapsBakeMode: 1
    m_TextureCompression: 1
    m_FinalGather: 0
    m_FinalGatherFiltering: 1
    m_FinalGatherRayCount: 256
    m_ReflectionCompression: 2
    m_MixedBakeMode: 2
    m_BakeBackend: 1
    m_PVRSampling: 1
    m_PVRDirectSampleCount: 32
    m_PVRSampleCount: 512
    m_PVRBounces: 2
    m_PVREnvironmentSampleCount: 256
    m_PVREnvironmentReferencePointCount: 2048
    m_PVRFilteringMode: 1
    m_PVRDenoiserTypeDirect: 1
    m_PVRDenoiserTypeIndirect: 1
    m_PVRDenoiserTypeAO: 1
    m_PVRFilterTypeDirect: 0
    m_PVRFilterTypeIndirect: 0
    m_PVRFilterTypeAO: 0
    m_PVREnvironmentMIS: 1
    m_PVRCulling: 1
    m_PVRFilteringGaussRadiusDirect: 1
    m_PVRFilteringGaussRadiusIndirect: 5
    m_PVRFilteringGaussRadiusAO: 2
    m_PVRFilteringAtrousPositionSigmaDirect: 0.5
    m_PVRFilteringAtrousPositionSigmaIndirect: 2
    m_PVRFilteringAtrousPositionSigmaAO: 1
    m_ExportTrainingData: 0
    m_TrainingDataDestination: TrainingData
    m_LightProbeSampleCountMultiplier: 4
  m_LightingDataAsset: {fileID: 0}
  m_UseShadowmask: 1
--- !u!196 &4
NavMeshSettings:
  serializedVersion: 2
  m_ObjectHideFlags: 0
  m_BuildSettings:
    serializedVersion: 2
    agentTypeID: 0
    agentRadius: 0.5
    agentHeight: 2
    agentSlope: 45
    agentClimb: 0.4
    ledgeDropHeight: 0
    maxJumpAcrossDistance: 0
    minRegionArea: 2
    manualCellSize: 0
    cellSize: 0.16666667
    manualTileSize: 0
    tileSize: 256
    accuratePlacement: 0
    debug:
      m_Flags: 0
  m_NavMeshData: {fileID: 0}
--- !u!1 &219710977
GameObject:
  m_ObjectHideFlags: 0
  m_CorrespondingSourceObject: {fileID: 0}
  m_PrefabInstance: {fileID: 0}
  m_PrefabAsset: {fileID: 0}
  serializedVersion: 6
  m_Component:
  - component: {fileID: 219710982}
  - component: {fileID: 219710981}
  - component: {fileID: 219710980}
  - component: {fileID: 219710979}
  - component: {fileID: 219710978}
  - component: {fileID: 219710983}
  m_Layer: 0
  m_Name: Player
  m_TagString: Untagged
  m_Icon: {fileID: 0}
  m_NavMeshLayer: 0
  m_StaticEditorFlags: 0
  m_IsActive: 1
--- !u!114 &219710978
MonoBehaviour:
  m_ObjectHideFlags: 0
  m_CorrespondingSourceObject: {fileID: 0}
  m_PrefabInstance: {fileID: 0}
  m_PrefabAsset: {fileID: 0}
  m_GameObject: {fileID: 219710977}
  m_Enabled: 1
  m_EditorHideFlags: 0
  m_Script: {fileID: 11500000, guid: a85049c03733e9a4eb021aebfdc4357a, type: 3}
  m_Name: 
  m_EditorClassIdentifier: 
  audioPlayer: {fileID: 219710983}
  empuja: {fileID: 8300000, guid: 0cb495e3c651c4d1fb9e9b6598b2556e, type: 3}
  muere: {fileID: 8300000, guid: a62f3ebfecd74448080448db1fb8f068, type: 3}
--- !u!61 &219710979
BoxCollider2D:
  m_ObjectHideFlags: 0
  m_CorrespondingSourceObject: {fileID: 0}
  m_PrefabInstance: {fileID: 0}
  m_PrefabAsset: {fileID: 0}
  m_GameObject: {fileID: 219710977}
  m_Enabled: 1
  m_Density: 1
  m_Material: {fileID: 0}
  m_IsTrigger: 0
  m_UsedByEffector: 0
  m_UsedByComposite: 0
  m_Offset: {x: 0, y: 0}
  m_SpriteTilingProperty:
    border: {x: 0, y: 0, z: 0, w: 0}
    pivot: {x: 0.5, y: 0.5}
    oldSize: {x: 1.7, y: 1.68}
    newSize: {x: 1.7, y: 1.68}
    adaptiveTilingThreshold: 0.5
    drawMode: 0
    adaptiveTiling: 0
  m_AutoTiling: 0
  serializedVersion: 2
  m_Size: {x: 1.71, y: 1.6}
  m_EdgeRadius: 0
--- !u!50 &219710980
Rigidbody2D:
  serializedVersion: 4
  m_ObjectHideFlags: 0
  m_CorrespondingSourceObject: {fileID: 0}
  m_PrefabInstance: {fileID: 0}
  m_PrefabAsset: {fileID: 0}
  m_GameObject: {fileID: 219710977}
  m_BodyType: 0
  m_Simulated: 1
  m_UseFullKinematicContacts: 0
  m_UseAutoMass: 0
  m_Mass: 2
  m_LinearDrag: 0
  m_AngularDrag: 0.05
  m_GravityScale: 1.4
  m_Material: {fileID: 0}
  m_Interpolate: 0
  m_SleepingMode: 1
  m_CollisionDetection: 0
  m_Constraints: 0
--- !u!212 &219710981
SpriteRenderer:
  m_ObjectHideFlags: 0
  m_CorrespondingSourceObject: {fileID: 0}
  m_PrefabInstance: {fileID: 0}
  m_PrefabAsset: {fileID: 0}
  m_GameObject: {fileID: 219710977}
  m_Enabled: 1
  m_CastShadows: 0
  m_ReceiveShadows: 0
  m_DynamicOccludee: 1
  m_MotionVectors: 1
  m_LightProbeUsage: 1
  m_ReflectionProbeUsage: 1
  m_RayTracingMode: 0
  m_RenderingLayerMask: 1
  m_RendererPriority: 0
  m_Materials:
  - {fileID: 10754, guid: 0000000000000000f000000000000000, type: 0}
  m_StaticBatchInfo:
    firstSubMesh: 0
    subMeshCount: 0
  m_StaticBatchRoot: {fileID: 0}
  m_ProbeAnchor: {fileID: 0}
  m_LightProbeVolumeOverride: {fileID: 0}
  m_ScaleInLightmap: 1
  m_ReceiveGI: 1
  m_PreserveUVs: 0
  m_IgnoreNormalsForChartDetection: 0
  m_ImportantGI: 0
  m_StitchLightmapSeams: 1
  m_SelectedEditorRenderState: 0
  m_MinimumChartSize: 4
  m_AutoUVMaxDistance: 0.5
  m_AutoUVMaxAngle: 89
  m_LightmapParameters: {fileID: 0}
  m_SortingLayerID: 0
  m_SortingLayer: 0
  m_SortingOrder: 0
  m_Sprite: {fileID: 21300000, guid: fa6722967bfe47049a3383a3e5bb5dfa, type: 3}
  m_Color: {r: 1, g: 1, b: 1, a: 1}
  m_FlipX: 0
  m_FlipY: 0
  m_DrawMode: 0
  m_Size: {x: 1.7, y: 1.68}
  m_AdaptiveModeThreshold: 0.5
  m_SpriteTileMode: 0
  m_WasSpriteAssigned: 1
  m_MaskInteraction: 0
  m_SpriteSortPoint: 0
--- !u!4 &219710982
Transform:
  m_ObjectHideFlags: 0
  m_CorrespondingSourceObject: {fileID: 0}
  m_PrefabInstance: {fileID: 0}
  m_PrefabAsset: {fileID: 0}
  m_GameObject: {fileID: 219710977}
  m_LocalRotation: {x: 0, y: 0, z: 0, w: 1}
  m_LocalPosition: {x: -1.702, y: 2.686, z: 0}
  m_LocalScale: {x: 0.28635, y: 0.28635, z: 0.28635}
  m_Children: []
  m_Father: {fileID: 0}
  m_RootOrder: 1
  m_LocalEulerAnglesHint: {x: 0, y: 0, z: 0}
--- !u!82 &219710983
AudioSource:
  m_ObjectHideFlags: 0
  m_CorrespondingSourceObject: {fileID: 0}
  m_PrefabInstance: {fileID: 0}
  m_PrefabAsset: {fileID: 0}
  m_GameObject: {fileID: 219710977}
  m_Enabled: 1
  serializedVersion: 4
  OutputAudioMixerGroup: {fileID: 0}
  m_audioClip: {fileID: 0}
  m_PlayOnAwake: 0
  m_Volume: 0.42
  m_Pitch: 1
  Loop: 0
  Mute: 0
  Spatialize: 0
  SpatializePostEffects: 0
  Priority: 136
  DopplerLevel: 1
  MinDistance: 1
  MaxDistance: 500
  Pan2D: 0
  rolloffMode: 0
  BypassEffects: 0
  BypassListenerEffects: 0
  BypassReverbZones: 0
  rolloffCustomCurve:
    serializedVersion: 2
    m_Curve:
    - serializedVersion: 3
      time: 0
      value: 1
      inSlope: 0
      outSlope: 0
      tangentMode: 0
      weightedMode: 0
      inWeight: 0.33333334
      outWeight: 0.33333334
    - serializedVersion: 3
      time: 1
      value: 0
      inSlope: 0
      outSlope: 0
      tangentMode: 0
      weightedMode: 0
      inWeight: 0.33333334
      outWeight: 0.33333334
    m_PreInfinity: 2
    m_PostInfinity: 2
    m_RotationOrder: 4
  panLevelCustomCurve:
    serializedVersion: 2
    m_Curve:
    - serializedVersion: 3
      time: 0
      value: 0
      inSlope: 0
      outSlope: 0
      tangentMode: 0
      weightedMode: 0
      inWeight: 0.33333334
      outWeight: 0.33333334
    m_PreInfinity: 2
    m_PostInfinity: 2
    m_RotationOrder: 4
  spreadCustomCurve:
    serializedVersion: 2
    m_Curve:
    - serializedVersion: 3
      time: 0
      value: 0
      inSlope: 0
      outSlope: 0
      tangentMode: 0
      weightedMode: 0
      inWeight: 0.33333334
      outWeight: 0.33333334
    m_PreInfinity: 2
    m_PostInfinity: 2
    m_RotationOrder: 4
  reverbZoneMixCustomCurve:
    serializedVersion: 2
    m_Curve:
    - serializedVersion: 3
      time: 0
      value: 1
      inSlope: 0
      outSlope: 0
      tangentMode: 0
      weightedMode: 0
      inWeight: 0.33333334
      outWeight: 0.33333334
    m_PreInfinity: 2
    m_PostInfinity: 2
    m_RotationOrder: 4
--- !u!1 &403579580
GameObject:
  m_ObjectHideFlags: 0
  m_CorrespondingSourceObject: {fileID: 0}
  m_PrefabInstance: {fileID: 0}
  m_PrefabAsset: {fileID: 0}
  serializedVersion: 6
  m_Component:
  - component: {fileID: 403579584}
  - component: {fileID: 403579583}
  - component: {fileID: 403579582}
  - component: {fileID: 403579581}
  m_Layer: 0
  m_Name: Puas
  m_TagString: puas
  m_Icon: {fileID: 0}
  m_NavMeshLayer: 0
  m_StaticEditorFlags: 0
  m_IsActive: 0
--- !u!61 &403579581
BoxCollider2D:
  m_ObjectHideFlags: 0
  m_CorrespondingSourceObject: {fileID: 0}
  m_PrefabInstance: {fileID: 0}
  m_PrefabAsset: {fileID: 0}
  m_GameObject: {fileID: 403579580}
  m_Enabled: 1
  m_Density: 1
  m_Material: {fileID: 0}
  m_IsTrigger: 0
  m_UsedByEffector: 0
  m_UsedByComposite: 0
  m_Offset: {x: 0, y: 0}
  m_SpriteTilingProperty:
    border: {x: 0, y: 0, z: 0, w: 0}
    pivot: {x: 0, y: 0}
    oldSize: {x: 0, y: 0}
    newSize: {x: 0, y: 0}
    adaptiveTilingThreshold: 0
    drawMode: 0
    adaptiveTiling: 0
  m_AutoTiling: 0
  serializedVersion: 2
  m_Size: {x: 1, y: 1.0000001}
  m_EdgeRadius: 0
--- !u!23 &403579582
MeshRenderer:
  m_ObjectHideFlags: 0
  m_CorrespondingSourceObject: {fileID: 0}
  m_PrefabInstance: {fileID: 0}
  m_PrefabAsset: {fileID: 0}
  m_GameObject: {fileID: 403579580}
  m_Enabled: 1
  m_CastShadows: 1
  m_ReceiveShadows: 1
  m_DynamicOccludee: 1
  m_MotionVectors: 1
  m_LightProbeUsage: 1
  m_ReflectionProbeUsage: 1
  m_RayTracingMode: 2
  m_RenderingLayerMask: 1
  m_RendererPriority: 0
  m_Materials:
  - {fileID: 2100000, guid: 4bb281066a16fbc44bede7c458f18d23, type: 2}
  m_StaticBatchInfo:
    firstSubMesh: 0
    subMeshCount: 0
  m_StaticBatchRoot: {fileID: 0}
  m_ProbeAnchor: {fileID: 0}
  m_LightProbeVolumeOverride: {fileID: 0}
  m_ScaleInLightmap: 1
  m_ReceiveGI: 1
  m_PreserveUVs: 0
  m_IgnoreNormalsForChartDetection: 0
  m_ImportantGI: 0
  m_StitchLightmapSeams: 1
  m_SelectedEditorRenderState: 3
  m_MinimumChartSize: 4
  m_AutoUVMaxDistance: 0.5
  m_AutoUVMaxAngle: 89
  m_LightmapParameters: {fileID: 0}
  m_SortingLayerID: 0
  m_SortingLayer: 0
  m_SortingOrder: 0
--- !u!33 &403579583
MeshFilter:
  m_ObjectHideFlags: 0
  m_CorrespondingSourceObject: {fileID: 0}
  m_PrefabInstance: {fileID: 0}
  m_PrefabAsset: {fileID: 0}
  m_GameObject: {fileID: 403579580}
  m_Mesh: {fileID: 10202, guid: 0000000000000000e000000000000000, type: 0}
--- !u!4 &403579584
Transform:
  m_ObjectHideFlags: 0
  m_CorrespondingSourceObject: {fileID: 0}
  m_PrefabInstance: {fileID: 0}
  m_PrefabAsset: {fileID: 0}
  m_GameObject: {fileID: 403579580}
  m_LocalRotation: {x: 0, y: 0, z: 0, w: 1}
  m_LocalPosition: {x: -0.04, y: 8.11, z: -1.0445}
  m_LocalScale: {x: 18.190815, y: 2.5367534, z: 8.122289}
  m_Children: []
  m_Father: {fileID: 0}
  m_RootOrder: 6
  m_LocalEulerAnglesHint: {x: 0, y: 0, z: 0}
--- !u!1 &442950054
GameObject:
  m_ObjectHideFlags: 0
  m_CorrespondingSourceObject: {fileID: 0}
  m_PrefabInstance: {fileID: 0}
  m_PrefabAsset: {fileID: 0}
  serializedVersion: 6
  m_Component:
  - component: {fileID: 442950057}
  - component: {fileID: 442950056}
  - component: {fileID: 442950055}
  m_Layer: 0
  m_Name: Plataforma
  m_TagString: Untagged
  m_Icon: {fileID: 0}
  m_NavMeshLayer: 0
  m_StaticEditorFlags: 0
  m_IsActive: 1
--- !u!60 &442950055
PolygonCollider2D:
  m_ObjectHideFlags: 0
  m_CorrespondingSourceObject: {fileID: 0}
  m_PrefabInstance: {fileID: 0}
  m_PrefabAsset: {fileID: 0}
  m_GameObject: {fileID: 442950054}
  m_Enabled: 1
  m_Density: 1
  m_Material: {fileID: 0}
  m_IsTrigger: 0
  m_UsedByEffector: 0
  m_UsedByComposite: 0
  m_Offset: {x: 0, y: 0}
  m_SpriteTilingProperty:
    border: {x: 0, y: 0, z: 0, w: 0}
    pivot: {x: 0.5, y: 0.5}
    oldSize: {x: 20.16, y: 4.98}
    newSize: {x: 20.16, y: 4.98}
    adaptiveTilingThreshold: 0.5
    drawMode: 0
    adaptiveTiling: 0
  m_AutoTiling: 0
  m_Points:
    m_Paths:
    - - {x: 0.97999996, y: -2.19}
      - {x: 1.28, y: -2.2}
      - {x: 1.31, y: -2.08}
      - {x: 1.61, y: -2.09}
      - {x: 1.64, y: -1.9699999}
      - {x: 1.9399999, y: -1.9799999}
      - {x: 1.9699999, y: -1.86}
      - {x: 2.3799999, y: -1.87}
      - {x: 2.4099998, y: -1.75}
      - {x: 2.71, y: -1.76}
      - {x: 2.74, y: -1.64}
      - {x: 3.04, y: -1.65}
      - {x: 3.07, y: -1.52}
      - {x: 3.37, y: -1.53}
      - {x: 3.3999999, y: -1.41}
      - {x: 3.6999998, y: -1.42}
      - {x: 3.73, y: -1.3}
      - {x: 4.0299997, y: -1.31}
      - {x: 4.06, y: -1.1899999}
      - {x: 4.36, y: -1.1999999}
      - {x: 4.39, y: -1.0799999}
      - {x: 4.69, y: -1.09}
      - {x: 4.72, y: -0.96999997}
      - {x: 5.02, y: -0.97999996}
      - {x: 5.0499997, y: -0.85999995}
      - {x: 5.35, y: -0.87}
      - {x: 5.38, y: -0.75}
      - {x: 5.68, y: -0.76}
      - {x: 5.71, y: -0.64}
      - {x: 6.12, y: -0.65}
      - {x: 6.15, y: -0.53}
      - {x: 6.45, y: -0.53999996}
      - {x: 6.48, y: -0.42}
      - {x: 6.7799997, y: -0.42999998}
      - {x: 6.81, y: -0.31}
      - {x: 7.1099997, y: -0.32}
      - {x: 7.14, y: -0.19999999}
      - {x: 7.44, y: -0.21}
      - {x: 7.47, y: -0.089999996}
      - {x: 7.7799997, y: -0.099999994}
      - {x: 7.81, y: 0.03}
      - {x: 8.11, y: 0.02}
      - {x: 8.139999, y: 0.14}
      - {x: 8.44, y: 0.13}
      - {x: 8.47, y: 0.25}
      - {x: 8.7699995, y: 0.24}
      - {x: 8.8, y: 0.35999998}
      - {x: 9.21, y: 0.35}
      - {x: 9.24, y: 0.47}
      - {x: 9.54, y: 0.45999998}
      - {x: 9.57, y: 0.58}
      - {x: 9.86, y: 0.59}
      - {x: 9.99, y: 0.69}
      - {x: 10.08, y: 0.79999995}
      - {x: 10.08, y: 1.03}
      - {x: 9.889999, y: 1.22}
      - {x: 9.2, y: 1.51}
      - {x: 9.0199995, y: 1.73}
      - {x: 8.8, y: 1.9499999}
      - {x: 8.69, y: 2.1699998}
      - {x: 8.47, y: 2.3899999}
      - {x: 8.349999, y: 2.49}
      - {x: -8.34, y: 2.49}
      - {x: -8.67, y: 2.1599998}
      - {x: -8.889999, y: 1.86}
      - {x: -9.15, y: 1.64}
      - {x: -9.26, y: 1.4399999}
      - {x: -9.46, y: 1.39}
      - {x: -9.65, y: 1.31}
      - {x: -9.889999, y: 1.22}
      - {x: -10.08, y: 1.03}
      - {x: -10.08, y: 0.74}
      - {x: -9.889999, y: 0.55}
      - {x: -8.54, y: 0.14999999}
      - {x: -7.77, y: -0.08}
      - {x: -3.48, y: -1.52}
      - {x: -2.82, y: -1.75}
      - {x: -2.37, y: -1.8499999}
      - {x: -0.71999997, y: -2.3999999}
      - {x: -0.42999998, y: -2.49}
      - {x: 0.32999998, y: -2.49}
      - {x: 0.62, y: -2.4199998}
      - {x: 0.65, y: -2.3}
      - {x: 0.95, y: -2.31}
--- !u!212 &442950056
SpriteRenderer:
  m_ObjectHideFlags: 0
  m_CorrespondingSourceObject: {fileID: 0}
  m_PrefabInstance: {fileID: 0}
  m_PrefabAsset: {fileID: 0}
  m_GameObject: {fileID: 442950054}
  m_Enabled: 1
  m_CastShadows: 0
  m_ReceiveShadows: 0
  m_DynamicOccludee: 1
  m_MotionVectors: 1
  m_LightProbeUsage: 1
  m_ReflectionProbeUsage: 1
  m_RayTracingMode: 0
  m_RenderingLayerMask: 1
  m_RendererPriority: 0
  m_Materials:
  - {fileID: 10754, guid: 0000000000000000f000000000000000, type: 0}
  m_StaticBatchInfo:
    firstSubMesh: 0
    subMeshCount: 0
  m_StaticBatchRoot: {fileID: 0}
  m_ProbeAnchor: {fileID: 0}
  m_LightProbeVolumeOverride: {fileID: 0}
  m_ScaleInLightmap: 1
  m_ReceiveGI: 1
  m_PreserveUVs: 0
  m_IgnoreNormalsForChartDetection: 0
  m_ImportantGI: 0
  m_StitchLightmapSeams: 1
  m_SelectedEditorRenderState: 0
  m_MinimumChartSize: 4
  m_AutoUVMaxDistance: 0.5
  m_AutoUVMaxAngle: 89
  m_LightmapParameters: {fileID: 0}
  m_SortingLayerID: 0
  m_SortingLayer: 0
  m_SortingOrder: 0
  m_Sprite: {fileID: 21300000, guid: 251be0e2e5f06294fa130720454efa3e, type: 3}
  m_Color: {r: 1, g: 1, b: 1, a: 1}
  m_FlipX: 0
  m_FlipY: 0
  m_DrawMode: 0
  m_Size: {x: 20.16, y: 4.98}
  m_AdaptiveModeThreshold: 0.5
  m_SpriteTileMode: 0
  m_WasSpriteAssigned: 1
  m_MaskInteraction: 0
  m_SpriteSortPoint: 0
--- !u!4 &442950057
Transform:
  m_ObjectHideFlags: 0
  m_CorrespondingSourceObject: {fileID: 0}
  m_PrefabInstance: {fileID: 0}
  m_PrefabAsset: {fileID: 0}
  m_GameObject: {fileID: 442950054}
  m_LocalRotation: {x: 0, y: 0, z: 0, w: 1}
  m_LocalPosition: {x: 0.14, y: 1.69, z: -1.7304688}
  m_LocalScale: {x: 0.34434178, y: 0.27773, z: 0.27773}
  m_Children: []
  m_Father: {fileID: 0}
  m_RootOrder: 7
  m_LocalEulerAnglesHint: {x: 0, y: 0, z: 0}
--- !u!1 &563043442
GameObject:
  m_ObjectHideFlags: 0
  m_CorrespondingSourceObject: {fileID: 0}
  m_PrefabInstance: {fileID: 0}
  m_PrefabAsset: {fileID: 0}
  serializedVersion: 6
  m_Component:
  - component: {fileID: 563043443}
  - component: {fileID: 563043445}
  - component: {fileID: 563043444}
  m_Layer: 0
  m_Name: EnemyFX
  m_TagString: Untagged
  m_Icon: {fileID: 0}
  m_NavMeshLayer: 0
  m_StaticEditorFlags: 0
  m_IsActive: 1
--- !u!4 &563043443
Transform:
  m_ObjectHideFlags: 0
  m_CorrespondingSourceObject: {fileID: 0}
  m_PrefabInstance: {fileID: 0}
  m_PrefabAsset: {fileID: 0}
  m_GameObject: {fileID: 563043442}
  m_LocalRotation: {x: -0, y: -0, z: -0, w: 1}
  m_LocalPosition: {x: 0, y: 0, z: 0}
  m_LocalScale: {x: 1, y: 1, z: 1}
  m_Children: []
  m_Father: {fileID: 1647748492}
  m_RootOrder: 0
  m_LocalEulerAnglesHint: {x: 0, y: 0, z: 0}
--- !u!95 &563043444
Animator:
  serializedVersion: 3
  m_ObjectHideFlags: 0
  m_CorrespondingSourceObject: {fileID: 0}
  m_PrefabInstance: {fileID: 0}
  m_PrefabAsset: {fileID: 0}
  m_GameObject: {fileID: 563043442}
  m_Enabled: 1
  m_Avatar: {fileID: 0}
  m_Controller: {fileID: 9100000, guid: 07abb6cedaed249a58bceaad2966934e, type: 2}
  m_CullingMode: 0
  m_UpdateMode: 0
  m_ApplyRootMotion: 0
  m_LinearVelocityBlending: 0
  m_WarningMessage: 
  m_HasTransformHierarchy: 1
  m_AllowConstantClipSamplingOptimization: 1
  m_KeepAnimatorControllerStateOnDisable: 0
--- !u!212 &563043445
SpriteRenderer:
  m_ObjectHideFlags: 0
  m_CorrespondingSourceObject: {fileID: 0}
  m_PrefabInstance: {fileID: 0}
  m_PrefabAsset: {fileID: 0}
  m_GameObject: {fileID: 563043442}
  m_Enabled: 1
  m_CastShadows: 0
  m_ReceiveShadows: 0
  m_DynamicOccludee: 1
  m_MotionVectors: 1
  m_LightProbeUsage: 1
  m_ReflectionProbeUsage: 1
  m_RayTracingMode: 0
  m_RenderingLayerMask: 1
  m_RendererPriority: 0
  m_Materials:
  - {fileID: 10754, guid: 0000000000000000f000000000000000, type: 0}
  m_StaticBatchInfo:
    firstSubMesh: 0
    subMeshCount: 0
  m_StaticBatchRoot: {fileID: 0}
  m_ProbeAnchor: {fileID: 0}
  m_LightProbeVolumeOverride: {fileID: 0}
  m_ScaleInLightmap: 1
  m_ReceiveGI: 1
  m_PreserveUVs: 0
  m_IgnoreNormalsForChartDetection: 0
  m_ImportantGI: 0
  m_StitchLightmapSeams: 1
  m_SelectedEditorRenderState: 0
  m_MinimumChartSize: 4
  m_AutoUVMaxDistance: 0.5
  m_AutoUVMaxAngle: 89
  m_LightmapParameters: {fileID: 0}
  m_SortingLayerID: 0
  m_SortingLayer: 0
  m_SortingOrder: 0
  m_Sprite: {fileID: 21300000, guid: 32bafcbe609fbb946911215b1198e7be, type: 3}
  m_Color: {r: 1, g: 1, b: 1, a: 1}
  m_FlipX: 0
  m_FlipY: 0
  m_DrawMode: 0
  m_Size: {x: 1.61, y: 1.68}
  m_AdaptiveModeThreshold: 0.5
  m_SpriteTileMode: 0
  m_WasSpriteAssigned: 1
  m_MaskInteraction: 0
  m_SpriteSortPoint: 0
--- !u!1 &981489072
GameObject:
  m_ObjectHideFlags: 0
  m_CorrespondingSourceObject: {fileID: 0}
  m_PrefabInstance: {fileID: 0}
  m_PrefabAsset: {fileID: 0}
  serializedVersion: 6
  m_Component:
  - component: {fileID: 981489076}
  - component: {fileID: 981489075}
  - component: {fileID: 981489074}
  - component: {fileID: 981489078}
  - component: {fileID: 981489077}
  - component: {fileID: 981489073}
  m_Layer: 0
  m_Name: Player
  m_TagString: Untagged
  m_Icon: {fileID: 0}
  m_NavMeshLayer: 0
  m_StaticEditorFlags: 0
  m_IsActive: 0
--- !u!114 &981489073
MonoBehaviour:
  m_ObjectHideFlags: 0
  m_CorrespondingSourceObject: {fileID: 0}
  m_PrefabInstance: {fileID: 0}
  m_PrefabAsset: {fileID: 0}
  m_GameObject: {fileID: 981489072}
  m_Enabled: 1
  m_EditorHideFlags: 0
  m_Script: {fileID: 11500000, guid: a85049c03733e9a4eb021aebfdc4357a, type: 3}
  m_Name: 
  m_EditorClassIdentifier: 
  audioPlayer: {fileID: 0}
  empuja: {fileID: 0}
  muere: {fileID: 0}
--- !u!23 &981489074
MeshRenderer:
  m_ObjectHideFlags: 0
  m_CorrespondingSourceObject: {fileID: 0}
  m_PrefabInstance: {fileID: 0}
  m_PrefabAsset: {fileID: 0}
  m_GameObject: {fileID: 981489072}
  m_Enabled: 1
  m_CastShadows: 1
  m_ReceiveShadows: 1
  m_DynamicOccludee: 1
  m_MotionVectors: 1
  m_LightProbeUsage: 1
  m_ReflectionProbeUsage: 1
  m_RayTracingMode: 2
  m_RenderingLayerMask: 1
  m_RendererPriority: 0
  m_Materials:
  - {fileID: 10303, guid: 0000000000000000f000000000000000, type: 0}
  m_StaticBatchInfo:
    firstSubMesh: 0
    subMeshCount: 0
  m_StaticBatchRoot: {fileID: 0}
  m_ProbeAnchor: {fileID: 0}
  m_LightProbeVolumeOverride: {fileID: 0}
  m_ScaleInLightmap: 1
  m_ReceiveGI: 1
  m_PreserveUVs: 0
  m_IgnoreNormalsForChartDetection: 0
  m_ImportantGI: 0
  m_StitchLightmapSeams: 1
  m_SelectedEditorRenderState: 3
  m_MinimumChartSize: 4
  m_AutoUVMaxDistance: 0.5
  m_AutoUVMaxAngle: 89
  m_LightmapParameters: {fileID: 0}
  m_SortingLayerID: 0
  m_SortingLayer: 0
  m_SortingOrder: 0
--- !u!33 &981489075
MeshFilter:
  m_ObjectHideFlags: 0
  m_CorrespondingSourceObject: {fileID: 0}
  m_PrefabInstance: {fileID: 0}
  m_PrefabAsset: {fileID: 0}
  m_GameObject: {fileID: 981489072}
  m_Mesh: {fileID: 10202, guid: 0000000000000000e000000000000000, type: 0}
--- !u!4 &981489076
Transform:
  m_ObjectHideFlags: 0
  m_CorrespondingSourceObject: {fileID: 0}
  m_PrefabInstance: {fileID: 0}
  m_PrefabAsset: {fileID: 0}
  m_GameObject: {fileID: 981489072}
  m_LocalRotation: {x: 0, y: 0, z: 0, w: 1}
  m_LocalPosition: {x: -0.31, y: 2.66, z: -1.044542}
  m_LocalScale: {x: 0.44316274, y: 0.46857008, z: 2.0344827}
  m_Children: []
  m_Father: {fileID: 0}
  m_RootOrder: 4
  m_LocalEulerAnglesHint: {x: 0, y: 0, z: 0}
--- !u!61 &981489077
BoxCollider2D:
  m_ObjectHideFlags: 0
  m_CorrespondingSourceObject: {fileID: 0}
  m_PrefabInstance: {fileID: 0}
  m_PrefabAsset: {fileID: 0}
  m_GameObject: {fileID: 981489072}
  m_Enabled: 1
  m_Density: 1
  m_Material: {fileID: 0}
  m_IsTrigger: 0
  m_UsedByEffector: 0
  m_UsedByComposite: 0
  m_Offset: {x: 0, y: 0}
  m_SpriteTilingProperty:
    border: {x: 0, y: 0, z: 0, w: 0}
    pivot: {x: 0, y: 0}
    oldSize: {x: 0, y: 0}
    newSize: {x: 0, y: 0}
    adaptiveTilingThreshold: 0
    drawMode: 0
    adaptiveTiling: 0
  m_AutoTiling: 0
  serializedVersion: 2
  m_Size: {x: 1, y: 1}
  m_EdgeRadius: 0
--- !u!50 &981489078
Rigidbody2D:
  serializedVersion: 4
  m_ObjectHideFlags: 0
  m_CorrespondingSourceObject: {fileID: 0}
  m_PrefabInstance: {fileID: 0}
  m_PrefabAsset: {fileID: 0}
  m_GameObject: {fileID: 981489072}
  m_BodyType: 0
  m_Simulated: 1
  m_UseFullKinematicContacts: 0
  m_UseAutoMass: 0
  m_Mass: 2
  m_LinearDrag: 0
  m_AngularDrag: 0.05
  m_GravityScale: 1
  m_Material: {fileID: 0}
  m_Interpolate: 0
  m_SleepingMode: 1
  m_CollisionDetection: 0
  m_Constraints: 4
--- !u!1 &1115638435
GameObject:
  m_ObjectHideFlags: 0
  m_CorrespondingSourceObject: {fileID: 0}
  m_PrefabInstance: {fileID: 0}
  m_PrefabAsset: {fileID: 0}
  serializedVersion: 6
  m_Component:
  - component: {fileID: 1115638438}
  - component: {fileID: 1115638437}
  - component: {fileID: 1115638436}
  m_Layer: 0
  m_Name: Main Camera
  m_TagString: MainCamera
  m_Icon: {fileID: 0}
  m_NavMeshLayer: 0
  m_StaticEditorFlags: 0
  m_IsActive: 1
--- !u!81 &1115638436
AudioListener:
  m_ObjectHideFlags: 0
  m_CorrespondingSourceObject: {fileID: 0}
  m_PrefabInstance: {fileID: 0}
  m_PrefabAsset: {fileID: 0}
  m_GameObject: {fileID: 1115638435}
  m_Enabled: 1
--- !u!20 &1115638437
Camera:
  m_ObjectHideFlags: 0
  m_CorrespondingSourceObject: {fileID: 0}
  m_PrefabInstance: {fileID: 0}
  m_PrefabAsset: {fileID: 0}
  m_GameObject: {fileID: 1115638435}
  m_Enabled: 1
  serializedVersion: 2
  m_ClearFlags: 1
  m_BackGroundColor: {r: 0.95557535, g: 0.4669811, b: 1, a: 0}
  m_projectionMatrixMode: 1
  m_GateFitMode: 2
  m_FOVAxisMode: 0
  m_SensorSize: {x: 36, y: 24}
  m_LensShift: {x: 0, y: 0}
  m_FocalLength: 50
  m_NormalizedViewPortRect:
    serializedVersion: 2
    x: 0
    y: 0
    width: 1
    height: 1
  near clip plane: 0.3
  far clip plane: 1000
  field of view: 60
  orthographic: 1
  orthographic size: 5
  m_Depth: -1
  m_CullingMask:
    serializedVersion: 2
    m_Bits: 4294967295
  m_RenderingPath: -1
  m_TargetTexture: {fileID: 0}
  m_TargetDisplay: 0
  m_TargetEye: 3
  m_HDR: 1
  m_AllowMSAA: 1
  m_AllowDynamicResolution: 0
  m_ForceIntoRT: 0
  m_OcclusionCulling: 1
  m_StereoConvergence: 10
  m_StereoSeparation: 0.022
--- !u!4 &1115638438
Transform:
  m_ObjectHideFlags: 0
  m_CorrespondingSourceObject: {fileID: 0}
  m_PrefabInstance: {fileID: 0}
  m_PrefabAsset: {fileID: 0}
  m_GameObject: {fileID: 1115638435}
  m_LocalRotation: {x: 0, y: 0, z: 0, w: 1}
  m_LocalPosition: {x: 0, y: 0, z: -10}
  m_LocalScale: {x: 1, y: 1, z: 1}
  m_Children: []
  m_Father: {fileID: 0}
  m_RootOrder: 0
  m_LocalEulerAnglesHint: {x: 0, y: 0, z: 0}
--- !u!1 &1158444069
GameObject:
  m_ObjectHideFlags: 0
  m_CorrespondingSourceObject: {fileID: 0}
  m_PrefabInstance: {fileID: 0}
  m_PrefabAsset: {fileID: 0}
  serializedVersion: 6
  m_Component:
  - component: {fileID: 1158444073}
  - component: {fileID: 1158444072}
  - component: {fileID: 1158444071}
  - component: {fileID: 1158444075}
  - component: {fileID: 1158444074}
  - component: {fileID: 1158444070}
  m_Layer: 0
  m_Name: Enemy
  m_TagString: Untagged
  m_Icon: {fileID: 0}
  m_NavMeshLayer: 0
  m_StaticEditorFlags: 0
  m_IsActive: 0
--- !u!61 &1158444070
BoxCollider2D:
  m_ObjectHideFlags: 0
  m_CorrespondingSourceObject: {fileID: 0}
  m_PrefabInstance: {fileID: 0}
  m_PrefabAsset: {fileID: 0}
  m_GameObject: {fileID: 1158444069}
  m_Enabled: 1
  m_Density: 1
  m_Material: {fileID: 0}
  m_IsTrigger: 0
  m_UsedByEffector: 0
  m_UsedByComposite: 0
  m_Offset: {x: 0, y: 0}
  m_SpriteTilingProperty:
    border: {x: 0, y: 0, z: 0, w: 0}
    pivot: {x: 0, y: 0}
    oldSize: {x: 0, y: 0}
    newSize: {x: 0, y: 0}
    adaptiveTilingThreshold: 0
    drawMode: 0
    adaptiveTiling: 0
  m_AutoTiling: 0
  serializedVersion: 2
  m_Size: {x: 1, y: 1}
  m_EdgeRadius: 0
--- !u!23 &1158444071
MeshRenderer:
  m_ObjectHideFlags: 0
  m_CorrespondingSourceObject: {fileID: 0}
  m_PrefabInstance: {fileID: 0}
  m_PrefabAsset: {fileID: 0}
  m_GameObject: {fileID: 1158444069}
  m_Enabled: 1
  m_CastShadows: 1
  m_ReceiveShadows: 1
  m_DynamicOccludee: 1
  m_MotionVectors: 1
  m_LightProbeUsage: 1
  m_ReflectionProbeUsage: 1
  m_RayTracingMode: 2
  m_RenderingLayerMask: 1
  m_RendererPriority: 0
  m_Materials:
  - {fileID: 10303, guid: 0000000000000000f000000000000000, type: 0}
  m_StaticBatchInfo:
    firstSubMesh: 0
    subMeshCount: 0
  m_StaticBatchRoot: {fileID: 0}
  m_ProbeAnchor: {fileID: 0}
  m_LightProbeVolumeOverride: {fileID: 0}
  m_ScaleInLightmap: 1
  m_ReceiveGI: 1
  m_PreserveUVs: 0
  m_IgnoreNormalsForChartDetection: 0
  m_ImportantGI: 0
  m_StitchLightmapSeams: 1
  m_SelectedEditorRenderState: 3
  m_MinimumChartSize: 4
  m_AutoUVMaxDistance: 0.5
  m_AutoUVMaxAngle: 89
  m_LightmapParameters: {fileID: 0}
  m_SortingLayerID: 0
  m_SortingLayer: 0
  m_SortingOrder: 0
--- !u!33 &1158444072
MeshFilter:
  m_ObjectHideFlags: 0
  m_CorrespondingSourceObject: {fileID: 0}
  m_PrefabInstance: {fileID: 0}
  m_PrefabAsset: {fileID: 0}
  m_GameObject: {fileID: 1158444069}
  m_Mesh: {fileID: 10202, guid: 0000000000000000e000000000000000, type: 0}
--- !u!4 &1158444073
Transform:
  m_ObjectHideFlags: 0
  m_CorrespondingSourceObject: {fileID: 0}
  m_PrefabInstance: {fileID: 0}
  m_PrefabAsset: {fileID: 0}
  m_GameObject: {fileID: 1158444069}
  m_LocalRotation: {x: 0, y: 0, z: 0, w: 1}
  m_LocalPosition: {x: 2.21, y: 2.66, z: -1.044542}
  m_LocalScale: {x: 0.44316274, y: 0.46857008, z: 2.0344827}
  m_Children: []
  m_Father: {fileID: 0}
  m_RootOrder: 3
  m_LocalEulerAnglesHint: {x: 0, y: 0, z: 0}
--- !u!50 &1158444074
Rigidbody2D:
  serializedVersion: 4
  m_ObjectHideFlags: 0
  m_CorrespondingSourceObject: {fileID: 0}
  m_PrefabInstance: {fileID: 0}
  m_PrefabAsset: {fileID: 0}
  m_GameObject: {fileID: 1158444069}
  m_BodyType: 0
  m_Simulated: 1
  m_UseFullKinematicContacts: 0
  m_UseAutoMass: 0
  m_Mass: 0.5
  m_LinearDrag: 0
  m_AngularDrag: 0.05
  m_GravityScale: 0.8
  m_Material: {fileID: 0}
  m_Interpolate: 0
  m_SleepingMode: 1
  m_CollisionDetection: 0
  m_Constraints: 4
--- !u!114 &1158444075
MonoBehaviour:
  m_ObjectHideFlags: 0
  m_CorrespondingSourceObject: {fileID: 0}
  m_PrefabInstance: {fileID: 0}
  m_PrefabAsset: {fileID: 0}
  m_GameObject: {fileID: 1158444069}
  m_Enabled: 1
  m_EditorHideFlags: 0
  m_Script: {fileID: 11500000, guid: 989205c4d3ddb3e48b768cd9c68041f4, type: 3}
  m_Name: 
  m_EditorClassIdentifier: 
  audioEnemigo: {fileID: 0}
  muere: {fileID: 0}
  animatorEnemy: {fileID: 0}
--- !u!1 &1647748487
GameObject:
  m_ObjectHideFlags: 0
  m_CorrespondingSourceObject: {fileID: 0}
  m_PrefabInstance: {fileID: 0}
  m_PrefabAsset: {fileID: 0}
  serializedVersion: 6
  m_Component:
  - component: {fileID: 1647748492}
  - component: {fileID: 1647748490}
  - component: {fileID: 1647748489}
  - component: {fileID: 1647748488}
  - component: {fileID: 1647748493}
  m_Layer: 0
  m_Name: Enemy
  m_TagString: Untagged
  m_Icon: {fileID: 0}
  m_NavMeshLayer: 0
  m_StaticEditorFlags: 0
  m_IsActive: 1
--- !u!114 &1647748488
MonoBehaviour:
  m_ObjectHideFlags: 0
  m_CorrespondingSourceObject: {fileID: 0}
  m_PrefabInstance: {fileID: 0}
  m_PrefabAsset: {fileID: 0}
  m_GameObject: {fileID: 1647748487}
  m_Enabled: 1
  m_EditorHideFlags: 0
  m_Script: {fileID: 11500000, guid: 989205c4d3ddb3e48b768cd9c68041f4, type: 3}
  m_Name: 
  m_EditorClassIdentifier: 
  audioEnemigo: {fileID: 1647748493}
  muere: {fileID: 8300000, guid: a62f3ebfecd74448080448db1fb8f068, type: 3}
  animatorEnemy: {fileID: 563043444}
--- !u!61 &1647748489
BoxCollider2D:
  m_ObjectHideFlags: 0
  m_CorrespondingSourceObject: {fileID: 0}
  m_PrefabInstance: {fileID: 0}
  m_PrefabAsset: {fileID: 0}
  m_GameObject: {fileID: 1647748487}
  m_Enabled: 1
  m_Density: 1
  m_Material: {fileID: 0}
  m_IsTrigger: 0
  m_UsedByEffector: 0
  m_UsedByComposite: 0
  m_Offset: {x: 0, y: 0}
  m_SpriteTilingProperty:
    border: {x: 0, y: 0, z: 0, w: 0}
    pivot: {x: 0.5, y: 0.5}
    oldSize: {x: 1.61, y: 1.68}
    newSize: {x: 1.61, y: 1.68}
    adaptiveTilingThreshold: 0.5
    drawMode: 0
    adaptiveTiling: 0
  m_AutoTiling: 0
  serializedVersion: 2
  m_Size: {x: 1.61, y: 1.61}
  m_EdgeRadius: 0
--- !u!50 &1647748490
Rigidbody2D:
  serializedVersion: 4
  m_ObjectHideFlags: 0
  m_CorrespondingSourceObject: {fileID: 0}
  m_PrefabInstance: {fileID: 0}
  m_PrefabAsset: {fileID: 0}
  m_GameObject: {fileID: 1647748487}
  m_BodyType: 0
  m_Simulated: 1
  m_UseFullKinematicContacts: 0
  m_UseAutoMass: 0
  m_Mass: 0.5
  m_LinearDrag: 0
  m_AngularDrag: 0.05
  m_GravityScale: 0.8
  m_Material: {fileID: 0}
  m_Interpolate: 0
  m_SleepingMode: 1
  m_CollisionDetection: 0
  m_Constraints: 0
--- !u!4 &1647748492
Transform:
  m_ObjectHideFlags: 0
  m_CorrespondingSourceObject: {fileID: 0}
  m_PrefabInstance: {fileID: 0}
  m_PrefabAsset: {fileID: 0}
  m_GameObject: {fileID: 1647748487}
  m_LocalRotation: {x: 0, y: 0, z: 0, w: 1}
  m_LocalPosition: {x: 1.99, y: 2.681, z: 0}
  m_LocalScale: {x: 0.3100245, y: 0.3100245, z: 0.3100245}
  m_Children:
  - {fileID: 563043443}
  m_Father: {fileID: 0}
  m_RootOrder: 2
  m_LocalEulerAnglesHint: {x: 0, y: 0, z: 0}
--- !u!82 &1647748493
AudioSource:
  m_ObjectHideFlags: 0
  m_CorrespondingSourceObject: {fileID: 0}
  m_PrefabInstance: {fileID: 0}
  m_PrefabAsset: {fileID: 0}
  m_GameObject: {fileID: 1647748487}
  m_Enabled: 1
  serializedVersion: 4
  OutputAudioMixerGroup: {fileID: 0}
  m_audioClip: {fileID: 0}
  m_PlayOnAwake: 0
  m_Volume: 1
  m_Pitch: 1
  Loop: 0
  Mute: 0
  Spatialize: 0
  SpatializePostEffects: 0
  Priority: 0
  DopplerLevel: 1
  MinDistance: 1
  MaxDistance: 500
  Pan2D: 0
  rolloffMode: 0
  BypassEffects: 0
  BypassListenerEffects: 0
  BypassReverbZones: 0
  rolloffCustomCurve:
    serializedVersion: 2
    m_Curve:
    - serializedVersion: 3
      time: 0
      value: 1
      inSlope: 0
      outSlope: 0
      tangentMode: 0
      weightedMode: 0
      inWeight: 0.33333334
      outWeight: 0.33333334
    - serializedVersion: 3
      time: 1
      value: 0
      inSlope: 0
      outSlope: 0
      tangentMode: 0
      weightedMode: 0
      inWeight: 0.33333334
      outWeight: 0.33333334
    m_PreInfinity: 2
    m_PostInfinity: 2
    m_RotationOrder: 4
  panLevelCustomCurve:
    serializedVersion: 2
    m_Curve:
    - serializedVersion: 3
      time: 0
      value: 0
      inSlope: 0
      outSlope: 0
      tangentMode: 0
      weightedMode: 0
      inWeight: 0.33333334
      outWeight: 0.33333334
    m_PreInfinity: 2
    m_PostInfinity: 2
    m_RotationOrder: 4
  spreadCustomCurve:
    serializedVersion: 2
    m_Curve:
    - serializedVersion: 3
      time: 0
      value: 0
      inSlope: 0
      outSlope: 0
      tangentMode: 0
      weightedMode: 0
      inWeight: 0.33333334
      outWeight: 0.33333334
    m_PreInfinity: 2
    m_PostInfinity: 2
    m_RotationOrder: 4
  reverbZoneMixCustomCurve:
    serializedVersion: 2
    m_Curve:
    - serializedVersion: 3
      time: 0
      value: 1
      inSlope: 0
      outSlope: 0
      tangentMode: 0
      weightedMode: 0
      inWeight: 0.33333334
      outWeight: 0.33333334
    m_PreInfinity: 2
    m_PostInfinity: 2
    m_RotationOrder: 4
--- !u!1 &1805122479
GameObject:
  m_ObjectHideFlags: 0
  m_CorrespondingSourceObject: {fileID: 0}
  m_PrefabInstance: {fileID: 0}
  m_PrefabAsset: {fileID: 0}
  serializedVersion: 6
  m_Component:
  - component: {fileID: 1805122482}
  - component: {fileID: 1805122481}
  - component: {fileID: 1805122480}
  m_Layer: 0
  m_Name: pisoPX
  m_TagString: puas
  m_Icon: {fileID: 0}
  m_NavMeshLayer: 0
  m_StaticEditorFlags: 0
  m_IsActive: 1
--- !u!60 &1805122480
PolygonCollider2D:
  m_ObjectHideFlags: 0
  m_CorrespondingSourceObject: {fileID: 0}
  m_PrefabInstance: {fileID: 0}
  m_PrefabAsset: {fileID: 0}
  m_GameObject: {fileID: 1805122479}
  m_Enabled: 1
  m_Density: 1
  m_Material: {fileID: 0}
  m_IsTrigger: 0
  m_UsedByEffector: 0
  m_UsedByComposite: 0
  m_Offset: {x: 0, y: 0}
  m_SpriteTilingProperty:
    border: {x: 0, y: 0, z: 0, w: 0}
    pivot: {x: 0.5, y: 0.5}
    oldSize: {x: 53.52379, y: 10.48}
    newSize: {x: 53.52379, y: 10.48}
    adaptiveTilingThreshold: 0.5
    drawMode: 0
    adaptiveTiling: 0
  m_AutoTiling: 0
  m_Points:
    m_Paths:
    - - {x: 26.709625, y: -4.5604987}
      - {x: 26.605085, y: -4.5082293}
      - {x: 26.605085, y: -4.3252864}
      - {x: 26.500547, y: -4.2730174}
      - {x: 26.500547, y: -4.0116706}
      - {x: 26.39601, y: -3.9594014}
      - {x: 26.39601, y: -3.7764587}
      - {x: 26.29147, y: -3.7241893}
      - {x: 26.29147, y: -3.4628427}
      - {x: 26.160797, y: -3.4105735}
      - {x: 26.160797, y: -3.1230922}
      - {x: 26.05626, y: -3.0708227}
      - {x: 26.05626, y: -2.9140148}
      - {x: 25.95172, y: -2.8617456}
      - {x: 25.95172, y: -2.5742643}
      - {x: 25.847181, y: -2.5219948}
      - {x: 25.847181, y: -2.2345135}
      - {x: 25.742641, y: -2.1822443}
      - {x: 25.742641, y: -2.0254364}
      - {x: 25.611969, y: -1.9731671}
      - {x: 25.611969, y: -1.6856858}
      - {x: 25.507431, y: -1.6334164}
      - {x: 25.507431, y: -1.3720697}
      - {x: 25.402891, y: -1.3198005}
      - {x: 25.402891, y: -1.1368579}
      - {x: 25.298353, y: -1.0845885}
      - {x: 25.298353, y: -0.8232419}
      - {x: 25.16768, y: -0.77097255}
      - {x: 25.16768, y: -0.48349124}
      - {x: 25.06314, y: -0.43122193}
      - {x: 25.06314, y: -0.27441394}
      - {x: 24.958603, y: -0.22214463}
      - {x: 24.958603, y: 0.06533666}
      - {x: 24.854063, y: 0.117605984}
      - {x: 24.854063, y: 0.3005486}
      - {x: 24.749525, y: 0.35281795}
      - {x: 24.749525, y: 0.6141646}
      - {x: 24.566582, y: 0.7971072}
      - {x: 24.43591, y: 0.7971072}
      - {x: 24.331371, y: 0.69256854}
      - {x: 24.2791, y: 0.5357606}
      - {x: 24.096159, y: 0.5357606}
      - {x: 23.887081, y: 0.35281795}
      - {x: 23.651869, y: 0.091471314}
      - {x: 23.442793, y: -0.091471314}
      - {x: 23.20758, y: -0.40508726}
      - {x: 23.10304, y: -0.43122193}
      - {x: 22.789425, y: -0.6402992}
      - {x: 22.005386, y: -1.424339}
      - {x: 21.796309, y: -1.5550125}
      - {x: 21.58723, y: -1.7379551}
      - {x: 21.430424, y: -1.9470323}
      - {x: 21.430424, y: -1.7902243}
      - {x: 21.169077, y: -1.5550125}
      - {x: 21.116808, y: -1.3720697}
      - {x: 21.012268, y: -1.2152618}
      - {x: 20.881596, y: -1.1891271}
      - {x: 20.881596, y: -1.0323192}
      - {x: 20.724787, y: -0.87551117}
      - {x: 20.594114, y: -0.7971072}
      - {x: 20.56798, y: -0.5880299}
      - {x: 20.385036, y: -0.40508726}
      - {x: 20.22823, y: -0.32668328}
      - {x: 20.22823, y: -0.14374064}
      - {x: 20.07142, y: 0.013067331}
      - {x: 19.993017, y: 0.19600996}
      - {x: 19.73167, y: 0.43122193}
      - {x: 19.679401, y: 0.6141646}
      - {x: 19.39192, y: 0.90164584}
      - {x: 19.33965, y: 1.0584538}
      - {x: 19.235111, y: 1.1891271}
      - {x: 19.130573, y: 1.2413964}
      - {x: 19.130573, y: 1.3982044}
      - {x: 18.973764, y: 1.5550125}
      - {x: 18.816957, y: 1.6334164}
      - {x: 18.790823, y: 1.8424937}
      - {x: 18.529476, y: 2.0777056}
      - {x: 18.477207, y: 2.2606483}
      - {x: 18.294264, y: 2.4435909}
      - {x: 18.241995, y: 2.600399}
      - {x: 18.032917, y: 2.8356109}
      - {x: 17.902245, y: 2.88788}
      - {x: 17.902245, y: 3.0446882}
      - {x: 17.745436, y: 3.2014961}
      - {x: 17.693167, y: 3.3844388}
      - {x: 17.536358, y: 3.5412467}
      - {x: 17.275011, y: 3.7241893}
      - {x: 17.065935, y: 3.750324}
      - {x: 16.909126, y: 3.6457853}
      - {x: 16.830723, y: 3.0708227}
      - {x: 16.804588, y: 3.0185535}
      - {x: 16.75232, y: 2.5219948}
      - {x: 16.700048, y: 2.4697256}
      - {x: 16.64778, y: 1.9731671}
      - {x: 16.59551, y: 1.9208977}
      - {x: 16.543242, y: 1.424339}
      - {x: 16.490973, y: 1.3720697}
      - {x: 16.412567, y: 0.87551117}
      - {x: 16.360298, y: 0.8232419}
      - {x: 16.30803, y: 0.32668328}
      - {x: 16.25576, y: 0.27441394}
      - {x: 16.151222, y: -0.16987531}
      - {x: 16.098951, y: -0.6664339}
      - {x: 16.046682, y: -0.7187032}
      - {x: 15.994413, y: -1.2152618}
      - {x: 15.942144, y: -1.2675312}
      - {x: 15.916009, y: -1.4766084}
      - {x: 15.811471, y: -1.424339}
      - {x: 15.811471, y: -1.2413964}
      - {x: 15.706932, y: -1.1891271}
      - {x: 15.706932, y: -1.0323192}
      - {x: 15.602393, y: -0.98004985}
      - {x: 15.602393, y: -0.8232419}
      - {x: 15.497855, y: -0.77097255}
      - {x: 15.497855, y: -0.5880299}
      - {x: 15.393316, y: -0.5357606}
      - {x: 15.393316, y: -0.3789526}
      - {x: 15.262643, y: -0.32668328}
      - {x: 15.262643, y: -0.14374064}
      - {x: 15.184238, y: -0.06533666}
      - {x: 15.105835, y: 0.117605984}
      - {x: 15.053566, y: 0.19600996}
      - {x: 14.949027, y: 0.40508726}
      - {x: 14.844488, y: 0.4573566}
      - {x: 14.844488, y: 0.6141646}
      - {x: 14.68768, y: 0.8232419}
      - {x: 14.426333, y: 0.9277805}
      - {x: 14.374064, y: 0.7971072}
      - {x: 14.243391, y: 0.7448379}
      - {x: 14.164987, y: 0.48349124}
      - {x: 14.060449, y: 0.16987531}
      - {x: 13.929775, y: -0.16987531}
      - {x: 13.720697, y: -1.0584538}
      - {x: 13.616159, y: -1.3982044}
      - {x: 13.5638895, y: -1.7640897}
      - {x: 13.485486, y: -1.8424937}
      - {x: 13.380947, y: -2.1561096}
      - {x: 13.276408, y: -2.4958603}
      - {x: 13.17187, y: -2.9401495}
      - {x: 13.093466, y: -3.2014961}
      - {x: 13.015061, y: -3.1753614}
      - {x: 12.962792, y: -3.0185535}
      - {x: 12.77985, y: -2.8617456}
      - {x: 12.727581, y: -2.678803}
      - {x: 12.570772, y: -2.5219948}
      - {x: 12.518503, y: -2.365187}
      - {x: 12.231022, y: -2.0777056}
      - {x: 12.152618, y: -1.9208977}
      - {x: 11.969675, y: -1.7379551}
      - {x: 11.969675, y: -1.5811471}
      - {x: 11.786733, y: -1.424339}
      - {x: 11.734464, y: -1.2413964}
      - {x: 11.473117, y: -1.0061845}
      - {x: 11.420848, y: -0.8232419}
      - {x: 11.316309, y: -0.6664339}
      - {x: 11.185636, y: -0.6402992}
      - {x: 11.185636, y: -0.48349124}
      - {x: 11.028828, y: -0.32668328}
      - {x: 10.976558, y: -0.14374064}
      - {x: 10.793615, y: 0.039201993}
      - {x: 10.636807, y: 0.117605984}
      - {x: 10.636807, y: 0.3005486}
      - {x: 10.48, y: 0.4573566}
      - {x: 10.427731, y: 0.6141646}
      - {x: 10.244787, y: 0.7971072}
      - {x: 10.192518, y: 0.9539152}
      - {x: 9.905037, y: 1.2152618}
      - {x: 9.878902, y: 1.3982044}
      - {x: 9.69596, y: 1.5550125}
      - {x: 9.64369, y: 1.7379551}
      - {x: 9.486882, y: 1.894763}
      - {x: 9.434613, y: 2.051571}
      - {x: 9.199401, y: 2.286783}
      - {x: 9.094863, y: 2.4958603}
      - {x: 8.938054, y: 2.6526682}
      - {x: 8.885785, y: 2.8356109}
      - {x: 8.702843, y: 2.9924188}
      - {x: 8.546035, y: 3.2799}
      - {x: 8.389227, y: 3.4367082}
      - {x: 8.336957, y: 3.593516}
      - {x: 8.154015, y: 3.750324}
      - {x: 8.101746, y: 3.9332666}
      - {x: 7.840399, y: 4.1684785}
      - {x: 7.683591, y: 4.1946135}
      - {x: 7.579052, y: 4.0900745}
      - {x: 7.5529175, y: 4.0116706}
      - {x: 7.500648, y: 3.4105735}
      - {x: 7.4483786, y: 3.358304}
      - {x: 7.3961096, y: 2.6265335}
      - {x: 7.34384, y: 2.5742643}
      - {x: 7.265436, y: 1.8686284}
      - {x: 7.2131667, y: 1.816359}
      - {x: 7.1608973, y: 1.2152618}
      - {x: 7.1086283, y: 1.1629925}
      - {x: 7.056359, y: 0.43122193}
      - {x: 7.0040894, y: 0.3789526}
      - {x: 6.9518204, y: -0.35281795}
      - {x: 6.899551, y: -0.40508726}
      - {x: 6.8472815, y: -1.0061845}
      - {x: 6.795012, y: -1.0584538}
      - {x: 6.7688775, y: -1.6856858}
      - {x: 6.6120696, y: -1.5288777}
      - {x: 6.1416454, y: -1.1107231}
      - {x: 6.115511, y: -0.9277805}
      - {x: 5.9064336, y: -0.69256854}
      - {x: 5.017855, y: 0.19600996}
      - {x: 4.7565084, y: 0.43122193}
      - {x: 4.7042394, y: 0.6141646}
      - {x: 4.5212965, y: 0.7971072}
      - {x: 4.2860847, y: 0.98004985}
      - {x: 4.1554112, y: 1.0061845}
      - {x: 4.024738, y: 0.90164584}
      - {x: 3.9724686, y: 0.14374064}
      - {x: 4.103142, y: 0.091471314}
      - {x: 4.1292768, y: -0.8232419}
      - {x: 4.181546, y: -0.87551117}
      - {x: 4.25995, y: -0.87551117}
      - {x: 4.233815, y: -1.5811471}
      - {x: 4.103142, y: -1.424339}
      - {x: 3.8417954, y: -1.2152618}
      - {x: 3.6588528, y: -1.0845885}
      - {x: 3.4236407, y: -0.87551117}
      - {x: 3.2668328, y: -0.69256854}
      - {x: 3.110025, y: -0.5357606}
      - {x: 2.848678, y: -0.35281795}
      - {x: 2.718005, y: -0.14374064}
      - {x: 2.3782542, y: 0.19600996}
      - {x: 1.8816957, y: 0.6664339}
      - {x: 1.4374064, y: 1.1107231}
      - {x: 1.2021945, y: 1.3198005}
      - {x: 1.0976558, y: 1.3459351}
      - {x: 0.8363092, y: 1.0584538}
      - {x: 0.65336657, y: 0.98004985}
      - {x: 0.31361595, y: 0.69256854}
      - {x: 0.07840399, y: 0.3789526}
      - {x: -0.10453865, y: 0.32668328}
      - {x: -0.23521197, y: 0.24827929}
      - {x: -0.6010972, y: -0.16987531}
      - {x: -0.7579052, y: -0.24827929}
      - {x: -0.88857853, y: -0.32668328}
      - {x: -1.0715212, y: -0.48349124}
      - {x: -1.2544638, y: -0.7187032}
      - {x: -1.4374064, y: -0.77097255}
      - {x: -1.4896758, y: -0.87551117}
      - {x: -1.620349, y: -0.90164584}
      - {x: -1.5942144, y: -0.3789526}
      - {x: -1.698753, y: -0.32668328}
      - {x: -1.698753, y: 0.19600996}
      - {x: -1.8032917, y: 0.24827929}
      - {x: -1.8032917, y: 0.7448379}
      - {x: -1.9078304, y: 0.7971072}
      - {x: -1.9078304, y: 1.1891271}
      - {x: -2.012369, y: 1.2413964}
      - {x: -2.012369, y: 1.7118204}
      - {x: -2.1430423, y: 1.7902243}
      - {x: -2.1430423, y: 2.1561096}
      - {x: -2.247581, y: 2.208379}
      - {x: -2.2737157, y: 2.678803}
      - {x: -2.3521197, y: 2.8356109}
      - {x: -2.5089276, y: 2.9924188}
      - {x: -2.6657355, y: 2.9924188}
      - {x: -2.7702742, y: 2.88788}
      - {x: -2.9009476, y: 2.5742643}
      - {x: -3.0054862, y: 2.2606483}
      - {x: -3.1361594, y: 2.0254364}
      - {x: -3.6849873, y: 0.9277805}
      - {x: -3.711122, y: 0.6664339}
      - {x: -3.789526, y: 0.6141646}
      - {x: -4.338354, y: -0.48349124}
      - {x: -4.4428926, y: -0.4573566}
      - {x: -4.9917207, y: 0.06533666}
      - {x: -5.174663, y: 0.22214463}
      - {x: -6.272319, y: 1.3198005}
      - {x: -6.5075307, y: 1.5288777}
      - {x: -6.6120696, y: 1.5550125}
      - {x: -6.7688775, y: 1.3720697}
      - {x: -6.8734164, y: 1.0323192}
      - {x: -6.9518204, y: 0.87551117}
      - {x: -7.0040894, y: 0.87551117}
      - {x: -6.977955, y: 1.2936658}
      - {x: -7.0824933, y: 1.3459351}
      - {x: -7.0824933, y: 1.7379551}
      - {x: -7.187032, y: 1.7902243}
      - {x: -7.187032, y: 2.2606483}
      - {x: -7.3177056, y: 2.3390522}
      - {x: -7.3177056, y: 2.7049375}
      - {x: -7.422244, y: 2.757207}
      - {x: -7.422244, y: 3.149227}
      - {x: -7.526783, y: 3.2014961}
      - {x: -7.526783, y: 3.593516}
      - {x: -7.6313214, y: 3.6457853}
      - {x: -7.6313214, y: 4.0378056}
      - {x: -7.73586, y: 4.0900745}
      - {x: -7.73586, y: 4.586633}
      - {x: -7.8665333, y: 4.6389027}
      - {x: -7.8926682, y: 5.004788}
      - {x: -7.9188027, y: 5.083192}
      - {x: -8.049476, y: 5.24}
      - {x: -8.3108225, y: 5.24}
      - {x: -8.415361, y: 5.1093264}
      - {x: -8.598304, y: 4.8741145}
      - {x: -8.702843, y: 4.769576}
      - {x: -8.859651, y: 4.45596}
      - {x: -8.938054, y: 4.4298253}
      - {x: -9.094863, y: 4.2468824}
      - {x: -9.408479, y: 3.7764587}
      - {x: -9.591421, y: 3.5412467}
      - {x: -9.69596, y: 3.4367082}
      - {x: -9.852768, y: 3.1230922}
      - {x: -9.931171, y: 3.0969574}
      - {x: -10.03571, y: 2.9924188}
      - {x: -10.061845, y: 2.9140148}
      - {x: -10.244787, y: 2.6526682}
      - {x: -10.401596, y: 2.4697256}
      - {x: -10.610673, y: 2.129975}
      - {x: -10.715212, y: 1.9208977}
      - {x: -10.793615, y: 1.894763}
      - {x: -10.950423, y: 1.7118204}
      - {x: -11.133367, y: 1.4504738}
      - {x: -11.237905, y: 1.3459351}
      - {x: -11.394712, y: 1.0323192}
      - {x: -11.473117, y: 1.0061845}
      - {x: -11.577656, y: 0.90164584}
      - {x: -11.682194, y: 0.69256854}
      - {x: -11.839002, y: 0.5357606}
      - {x: -11.812867, y: 0.7448379}
      - {x: -11.917406, y: 0.7971072}
      - {x: -11.917406, y: 0.9539152}
      - {x: -12.0480795, y: 1.0061845}
      - {x: -12.0480795, y: 1.2936658}
      - {x: -12.152618, y: 1.3459351}
      - {x: -12.152618, y: 1.5027431}
      - {x: -12.257156, y: 1.5550125}
      - {x: -12.257156, y: 1.7379551}
      - {x: -12.361695, y: 1.7902243}
      - {x: -12.361695, y: 1.9470323}
      - {x: -12.492369, y: 2.0254364}
      - {x: -12.544638, y: 2.3390522}
      - {x: -12.7537155, y: 2.5481296}
      - {x: -12.910523, y: 2.5481296}
      - {x: -13.015061, y: 2.4435909}
      - {x: -13.041197, y: 2.365187}
      - {x: -13.093466, y: 1.7640897}
      - {x: -13.145735, y: 1.7118204}
      - {x: -13.198005, y: 1.2152618}
      - {x: -13.250274, y: 1.1629925}
      - {x: -13.302543, y: 0.5357606}
      - {x: -13.354813, y: 0.48349124}
      - {x: -13.407082, y: -0.117605984}
      - {x: -13.485486, y: -0.19600996}
      - {x: -13.485486, y: -0.6141646}
      - {x: -13.590024, y: -0.5357606}
      - {x: -13.590024, y: -0.27441394}
      - {x: -13.694563, y: -0.22214463}
      - {x: -13.694563, y: 0.06533666}
      - {x: -13.799102, y: 0.117605984}
      - {x: -13.799102, y: 0.40508726}
      - {x: -13.903641, y: 0.4573566}
      - {x: -13.903641, y: 0.7448379}
      - {x: -14.191122, y: 1.0061845}
      - {x: -14.34793, y: 1.0061845}
      - {x: -14.583141, y: 0.7448379}
      - {x: -14.713815, y: 0.4573566}
      - {x: -14.792219, y: 0.4573566}
      - {x: -14.949027, y: 0.3005486}
      - {x: -15.236508, y: -0.06533666}
      - {x: -15.393316, y: -0.27441394}
      - {x: -15.602393, y: -0.48349124}
      - {x: -15.7853365, y: -0.7187032}
      - {x: -15.942144, y: -0.9277805}
      - {x: -16.151222, y: -1.1368579}
      - {x: -16.229626, y: -1.2675312}
      - {x: -16.229626, y: -1.3459351}
      - {x: -16.543242, y: -1.1107231}
      - {x: -16.778454, y: -0.9277805}
      - {x: -17.144339, y: -0.69256854}
      - {x: -17.43182, y: -0.48349124}
      - {x: -17.693167, y: -0.3789526}
      - {x: -17.849974, y: -0.24827929}
      - {x: -18.241995, y: -0.039201993}
      - {x: -18.320398, y: 0.06533666}
      - {x: -18.660149, y: 0.3005486}
      - {x: -18.973764, y: 0.5096259}
      - {x: -19.313515, y: 0.7448379}
      - {x: -19.78394, y: 0.9539152}
      - {x: -19.862343, y: 1.0584538}
      - {x: -20.12369, y: 1.1891271}
      - {x: -20.254364, y: 1.3459351}
      - {x: -20.489574, y: 1.424339}
      - {x: -20.594114, y: 1.5288777}
      - {x: -20.933865, y: 1.7640897}
      - {x: -21.24748, y: 1.9993017}
      - {x: -21.74404, y: 2.208379}
      - {x: -21.74404, y: 2.286783}
      - {x: -22.136059, y: 2.5219948}
      - {x: -22.371271, y: 2.5481296}
      - {x: -22.47581, y: 2.4435909}
      - {x: -22.501944, y: 2.365187}
      - {x: -22.580349, y: 1.6334164}
      - {x: -22.632618, y: 1.5811471}
      - {x: -22.684887, y: 0.32668328}
      - {x: -22.737156, y: 0.27441394}
      - {x: -22.789425, y: -0.90164584}
      - {x: -22.841696, y: -0.9539152}
      - {x: -22.972368, y: -1.5550125}
      - {x: -22.972368, y: -1.5027431}
      - {x: -23.024637, y: -1.4504738}
      - {x: -23.364388, y: -1.3459351}
      - {x: -23.704138, y: -1.2152618}
      - {x: -23.913216, y: -1.1107231}
      - {x: -24.226831, y: -1.0061845}
      - {x: -24.566582, y: -0.90164584}
      - {x: -24.749525, y: -0.7971072}
      - {x: -25.089275, y: -0.7971072}
      - {x: -25.246084, y: -0.87551117}
      - {x: -25.402891, y: -1.0323192}
      - {x: -25.481297, y: -1.3982044}
      - {x: -25.585835, y: -1.7118204}
      - {x: -25.716507, y: -1.9470323}
      - {x: -25.821047, y: -2.2606483}
      - {x: -25.925585, y: -2.600399}
      - {x: -26.030123, y: -2.8094761}
      - {x: -26.134663, y: -3.149227}
      - {x: -26.265335, y: -3.4889774}
      - {x: -26.369875, y: -3.6980548}
      - {x: -26.474413, y: -4.0378056}
      - {x: -26.57895, y: -4.3514214}
      - {x: -26.68349, y: -4.586633}
      - {x: -26.761894, y: -4.821845}
      - {x: -26.761894, y: -5.161596}
      - {x: -26.68349, y: -5.24}
      - {x: 26.68349, y: -5.24}
      - {x: 26.761894, y: -5.161596}
      - {x: 26.761894, y: -4.8741145}
      - {x: 26.68349, y: -4.8741145}
--- !u!212 &1805122481
SpriteRenderer:
  m_ObjectHideFlags: 0
  m_CorrespondingSourceObject: {fileID: 0}
  m_PrefabInstance: {fileID: 0}
  m_PrefabAsset: {fileID: 0}
  m_GameObject: {fileID: 1805122479}
  m_Enabled: 1
  m_CastShadows: 0
  m_ReceiveShadows: 0
  m_DynamicOccludee: 1
  m_MotionVectors: 1
  m_LightProbeUsage: 1
  m_ReflectionProbeUsage: 1
  m_RayTracingMode: 0
  m_RenderingLayerMask: 1
  m_RendererPriority: 0
  m_Materials:
  - {fileID: 10754, guid: 0000000000000000f000000000000000, type: 0}
  m_StaticBatchInfo:
    firstSubMesh: 0
    subMeshCount: 0
  m_StaticBatchRoot: {fileID: 0}
  m_ProbeAnchor: {fileID: 0}
  m_LightProbeVolumeOverride: {fileID: 0}
  m_ScaleInLightmap: 1
  m_ReceiveGI: 1
  m_PreserveUVs: 0
  m_IgnoreNormalsForChartDetection: 0
  m_ImportantGI: 0
  m_StitchLightmapSeams: 1
  m_SelectedEditorRenderState: 0
  m_MinimumChartSize: 4
  m_AutoUVMaxDistance: 0.5
  m_AutoUVMaxAngle: 89
  m_LightmapParameters: {fileID: 0}
  m_SortingLayerID: 0
  m_SortingLayer: 0
  m_SortingOrder: 0
  m_Sprite: {fileID: 21300000, guid: 971657e315e99ed458b0067e0e7cf56a, type: 3}
  m_Color: {r: 1, g: 1, b: 1, a: 1}
  m_FlipX: 0
  m_FlipY: 0
  m_DrawMode: 0
  m_Size: {x: 53.52379, y: 10.48}
  m_AdaptiveModeThreshold: 0.5
  m_SpriteTileMode: 0
  m_WasSpriteAssigned: 1
  m_MaskInteraction: 0
  m_SpriteSortPoint: 0
--- !u!4 &1805122482
Transform:
  m_ObjectHideFlags: 0
  m_CorrespondingSourceObject: {fileID: 0}
  m_PrefabInstance: {fileID: 0}
  m_PrefabAsset: {fileID: 0}
  m_GameObject: {fileID: 1805122479}
  m_LocalRotation: {x: 0, y: 0, z: 0, w: 1}
  m_LocalPosition: {x: -0.04, y: -3.7865, z: 0}
  m_LocalScale: {x: 0.3524121, y: 0.2634857, z: 0.2634857}
  m_Children: []
  m_Father: {fileID: 0}
  m_RootOrder: 5
  m_LocalEulerAnglesHint: {x: 0, y: 0, z: 0}
--- !u!1 &1878448147
GameObject:
  m_ObjectHideFlags: 0
  m_CorrespondingSourceObject: {fileID: 0}
  m_PrefabInstance: {fileID: 0}
  m_PrefabAsset: {fileID: 0}
  serializedVersion: 6
  m_Component:
  - component: {fileID: 1878448149}
  - component: {fileID: 1878448148}
  m_Layer: 0
  m_Name: Music Cont
  m_TagString: Untagged
  m_Icon: {fileID: 0}
  m_NavMeshLayer: 0
  m_StaticEditorFlags: 0
  m_IsActive: 1
--- !u!82 &1878448148
AudioSource:
  m_ObjectHideFlags: 0
  m_CorrespondingSourceObject: {fileID: 0}
  m_PrefabInstance: {fileID: 0}
  m_PrefabAsset: {fileID: 0}
  m_GameObject: {fileID: 1878448147}
  m_Enabled: 1
  serializedVersion: 4
  OutputAudioMixerGroup: {fileID: 0}
  m_audioClip: {fileID: 8300000, guid: 5f95d476b327c493aaeb19ea1ccd3d50, type: 3}
  m_PlayOnAwake: 1
  m_Volume: 1
  m_Pitch: 1
  Loop: 0
  Mute: 0
  Spatialize: 0
  SpatializePostEffects: 0
  Priority: 128
  DopplerLevel: 1
  MinDistance: 1
  MaxDistance: 500
  Pan2D: 0
  rolloffMode: 0
  BypassEffects: 0
  BypassListenerEffects: 0
  BypassReverbZones: 0
  rolloffCustomCurve:
    serializedVersion: 2
    m_Curve:
    - serializedVersion: 3
      time: 0
      value: 1
      inSlope: 0
      outSlope: 0
      tangentMode: 0
      weightedMode: 0
      inWeight: 0.33333334
      outWeight: 0.33333334
    - serializedVersion: 3
      time: 1
      value: 0
      inSlope: 0
      outSlope: 0
      tangentMode: 0
      weightedMode: 0
      inWeight: 0.33333334
      outWeight: 0.33333334
    m_PreInfinity: 2
    m_PostInfinity: 2
    m_RotationOrder: 4
  panLevelCustomCurve:
    serializedVersion: 2
    m_Curve:
    - serializedVersion: 3
      time: 0
      value: 0
      inSlope: 0
      outSlope: 0
      tangentMode: 0
      weightedMode: 0
      inWeight: 0.33333334
      outWeight: 0.33333334
    m_PreInfinity: 2
    m_PostInfinity: 2
    m_RotationOrder: 4
  spreadCustomCurve:
    serializedVersion: 2
    m_Curve:
    - serializedVersion: 3
      time: 0
      value: 0
      inSlope: 0
      outSlope: 0
      tangentMode: 0
      weightedMode: 0
      inWeight: 0.33333334
      outWeight: 0.33333334
    m_PreInfinity: 2
    m_PostInfinity: 2
    m_RotationOrder: 4
  reverbZoneMixCustomCurve:
    serializedVersion: 2
    m_Curve:
    - serializedVersion: 3
      time: 0
      value: 1
      inSlope: 0
      outSlope: 0
      tangentMode: 0
      weightedMode: 0
      inWeight: 0.33333334
      outWeight: 0.33333334
    m_PreInfinity: 2
    m_PostInfinity: 2
    m_RotationOrder: 4
--- !u!4 &1878448149
Transform:
  m_ObjectHideFlags: 0
  m_CorrespondingSourceObject: {fileID: 0}
  m_PrefabInstance: {fileID: 0}
  m_PrefabAsset: {fileID: 0}
  m_GameObject: {fileID: 1878448147}
  m_LocalRotation: {x: 0, y: 0, z: 0, w: 1}
  m_LocalPosition: {x: 501.05136, y: 470.23468, z: -10612.359}
  m_LocalScale: {x: 1, y: 1, z: 1}
  m_Children: []
  m_Father: {fileID: 0}
  m_RootOrder: 9
  m_LocalEulerAnglesHint: {x: 0, y: 0, z: 0}
--- !u!1 &2002033758
GameObject:
  m_ObjectHideFlags: 0
  m_CorrespondingSourceObject: {fileID: 0}
  m_PrefabInstance: {fileID: 0}
  m_PrefabAsset: {fileID: 0}
  serializedVersion: 6
  m_Component:
  - component: {fileID: 2002033760}
  - component: {fileID: 2002033759}
  m_Layer: 0
  m_Name: fondoPX
  m_TagString: Untagged
  m_Icon: {fileID: 0}
  m_NavMeshLayer: 0
  m_StaticEditorFlags: 0
  m_IsActive: 1
--- !u!212 &2002033759
SpriteRenderer:
  m_ObjectHideFlags: 0
  m_CorrespondingSourceObject: {fileID: 0}
  m_PrefabInstance: {fileID: 0}
  m_PrefabAsset: {fileID: 0}
  m_GameObject: {fileID: 2002033758}
  m_Enabled: 1
  m_CastShadows: 0
  m_ReceiveShadows: 0
  m_DynamicOccludee: 1
  m_MotionVectors: 1
  m_LightProbeUsage: 1
  m_ReflectionProbeUsage: 1
  m_RayTracingMode: 0
  m_RenderingLayerMask: 1
  m_RendererPriority: 0
  m_Materials:
  - {fileID: 10754, guid: 0000000000000000f000000000000000, type: 0}
  m_StaticBatchInfo:
    firstSubMesh: 0
    subMeshCount: 0
  m_StaticBatchRoot: {fileID: 0}
  m_ProbeAnchor: {fileID: 0}
  m_LightProbeVolumeOverride: {fileID: 0}
  m_ScaleInLightmap: 1
  m_ReceiveGI: 1
  m_PreserveUVs: 0
  m_IgnoreNormalsForChartDetection: 0
  m_ImportantGI: 0
  m_StitchLightmapSeams: 1
  m_SelectedEditorRenderState: 0
  m_MinimumChartSize: 4
  m_AutoUVMaxDistance: 0.5
  m_AutoUVMaxAngle: 89
  m_LightmapParameters: {fileID: 0}
  m_SortingLayerID: 0
  m_SortingLayer: 0
  m_SortingOrder: 0
  m_Sprite: {fileID: 21300000, guid: d94bb64d0ad8e124aab152f3bb4b99c6, type: 3}
  m_Color: {r: 1, g: 1, b: 1, a: 1}
  m_FlipX: 0
  m_FlipY: 0
  m_DrawMode: 0
  m_Size: {x: 53.34, y: 30.003752}
  m_AdaptiveModeThreshold: 0.5
  m_SpriteTileMode: 0
  m_WasSpriteAssigned: 1
  m_MaskInteraction: 0
  m_SpriteSortPoint: 0
--- !u!4 &2002033760
Transform:
  m_ObjectHideFlags: 0
  m_CorrespondingSourceObject: {fileID: 0}
  m_PrefabInstance: {fileID: 0}
  m_PrefabAsset: {fileID: 0}
  m_GameObject: {fileID: 2002033758}
  m_LocalRotation: {x: 0, y: 0, z: 0, w: 1}
  m_LocalPosition: {x: -0, y: 0, z: 2.3}
  m_LocalScale: {x: 0.35269737, y: 0.35269737, z: 0.35269737}
  m_Children: []
  m_Father: {fileID: 0}
  m_RootOrder: 8
  m_LocalEulerAnglesHint: {x: 0, y: 0, z: 0}
